@inproceedings{long2015fully,
  title={Fully convolutional networks for semantic segmentation},
  author={Long, Jonathan and Shelhamer, Evan and Darrell, Trevor},
  booktitle={Proceedings of the IEEE conference on computer vision and pattern recognition},
  pages={3431--3440},
  year={2015}
}

@inproceedings{ronneberger2015u,
  title={U-net: Convolutional networks for biomedical image segmentation},
  author={Ronneberger, Olaf and Fischer, Philipp and Brox, Thomas},
  booktitle={Medical Image Computing and Computer-Assisted Intervention--MICCAI 2015: 18th International Conference, Munich, Germany, October 5-9, 2015, Proceedings, Part III 18},
  pages={234--241},
  year={2015},
  organization={Springer}
}

@article{zhou2019unet++,
  title={Unet++: Redesigning skip connections to exploit multiscale features in image segmentation},
  author={Zhou, Zongwei and Siddiquee, Md Mahfuzur Rahman and Tajbakhsh, Nima and Liang, Jianming},
  journal={IEEE transactions on medical imaging},
  volume={39},
  number={6},
  pages={1856--1867},
  year={2019},
  publisher={IEEE}
}


@inproceedings{huang2020unet,
  title={Unet 3+: A full-scale connected unet for medical image segmentation},
  author={Huang, Huimin and Lin, Lanfen and Tong, Ruofeng and Hu, Hongjie and Zhang, Qiaowei and Iwamoto, Yutaro and Han, Xianhua and Chen, Yen-Wei and Wu, Jian},
  booktitle={ICASSP 2020-2020 IEEE international conference on acoustics, speech and signal processing (ICASSP)},
  pages={1055--1059},
  year={2020},
  organization={IEEE}
}

@inproceedings{liang2015semantic,
  title={Semantic image segmentation with deep convolutional nets and fully connected crfs},
  author={Liang-Chieh, Chen and Papandreou, George and Kokkinos, Iasonas and Murphy, Kevin and Yuille, Alan},
  booktitle={International conference on learning representations},
  year={2015}
}
@article{chen2017deeplab,
  title={Deeplab: Semantic image segmentation with deep convolutional nets, atrous convolution, and fully connected crfs},
  author={Chen, Liang-Chieh and Papandreou, George and Kokkinos, Iasonas and Murphy, Kevin and Yuille, Alan L},
  journal={IEEE transactions on pattern analysis and machine intelligence},
  volume={40},
  number={4},
  pages={834--848},
  year={2017},
  publisher={IEEE}
}

@article{chen2017rethinking,
  title={Rethinking atrous convolution for semantic image segmentation},
  author={Chen, Liang-Chieh and Papandreou, George and Schroff, Florian and Adam, Hartwig},
  journal={arXiv preprint arXiv:1706.05587},
  year={2017}
}

@inproceedings{chen2018encoder,
  title={Encoder-decoder with atrous separable convolution for semantic image segmentation},
  author={Chen, Liang-Chieh and Zhu, Yukun and Papandreou, George and Schroff, Florian and Adam, Hartwig},
  booktitle={Proceedings of the European conference on computer vision (ECCV)},
  pages={801--818},
  year={2018}
}


@article{oktay2018attention,
  title={Attention u-net: Learning where to look for the pancreas},
  author={Oktay, Ozan and Schlemper, Jo and Folgoc, Loic Le and Lee, Matthew and Heinrich, Mattias and Misawa, Kazunari and Mori, Kensaku and McDonagh, Steven and Hammerla, Nils Y and Kainz, Bernhard and others},
  journal={arXiv preprint arXiv:1804.03999},
  year={2018}
}

@inproceedings{woo2018cbam,
  title={Cbam: Convolutional block attention module},
  author={Woo, Sanghyun and Park, Jongchan and Lee, Joon-Young and Kweon, In So},
  booktitle={Proceedings of the European conference on computer vision (ECCV)},
  pages={3--19},
  year={2018}
}

@article{vaswani2017attention,
  title={Attention is all you need},
  author={Vaswani, Ashish and Shazeer, Noam and Parmar, Niki and Uszkoreit, Jakob and Jones, Llion and Gomez, Aidan N and Kaiser, {\L}ukasz and Polosukhin, Illia},
  journal={Advances in neural information processing systems},
  volume={30},
  year={2017}
}

@article{dosovitskiy2020image,
  title={An image is worth 16x16 words: Transformers for image recognition at scale},
  author={Dosovitskiy, Alexey and Beyer, Lucas and Kolesnikov, Alexander and Weissenborn, Dirk and Zhai, Xiaohua and Unterthiner, Thomas and Dehghani, Mostafa and Minderer, Matthias and Heigold, Georg and Gelly, Sylvain and others},
  journal={arXiv preprint arXiv:2010.11929},
  year={2020}
}

@inproceedings{liu2021swin,
  title={Swin transformer: Hierarchical vision transformer using shifted windows},
  author={Liu, Ze and Lin, Yutong and Cao, Yue and Hu, Han and Wei, Yixuan and Zhang, Zheng and Lin, Stephen and Guo, Baining},
  booktitle={Proceedings of the IEEE/CVF international conference on computer vision},
  pages={10012--10022},
  year={2021}
}

@inproceedings{cao2022swin,
  title={Swin-unet: Unet-like pure transformer for medical image segmentation},
  author={Cao, Hu and Wang, Yueyue and Chen, Joy and Jiang, Dongsheng and Zhang, Xiaopeng and Tian, Qi and Wang, Manning},
  booktitle={European conference on computer vision},
  pages={205--218},
  year={2022},
  organization={Springer}
}

@article{huang2022missformer,
  title={Missformer: An effective transformer for 2d medical image segmentation},
  author={Huang, Xiaohong and Deng, Zhifang and Li, Dandan and Yuan, Xueguang and Fu, Ying},
  journal={IEEE Transactions on Medical Imaging},
  year={2022},
  publisher={IEEE}
}

@article{chen2021transunet,
  title={Transunet: Transformers make strong encoders for medical image segmentation},
  author={Chen, Jieneng and Lu, Yongyi and Yu, Qihang and Luo, Xiangde and Adeli, Ehsan and Wang, Yan and Lu, Le and Yuille, Alan L and Zhou, Yuyin},
  journal={arXiv preprint arXiv:2102.04306},
  year={2021}
}

@inproceedings{zhang2021transfuse,
  title={Transfuse: Fusing transformers and cnns for medical image segmentation},
  author={Zhang, Yundong and Liu, Huiye and Hu, Qiang},
  booktitle={Medical Image Computing and Computer Assisted Intervention--MICCAI 2021: 24th International Conference, Strasbourg, France, September 27--October 1, 2021, Proceedings, Part I 24},
  pages={14--24},
  year={2021},
  organization={Springer}
}

@article{naderi2022focal,
  title={Focal-UNet: UNet-like Focal Modulation for Medical Image Segmentation},
  author={Naderi, MohammadReza and Givkashi, MohammadHossein and Piri, Fatemeh and Karimi, Nader and Samavi, Shadrokh},
  journal={arXiv preprint arXiv:2212.09263},
  year={2022}
}

@article{lan2024brau,
  title={BRAU-Net++: U-Shaped Hybrid CNN-Transformer Network for Medical Image Segmentation},
  author={Lan, Libin and Cai, Pengzhou and Jiang, Lu and Liu, Xiaojuan and Li, Yongmei and Zhang, Yudong},
  journal={arXiv preprint arXiv:2401.00722},
  year={2024}
}

@inproceedings{guo2022cmt,
  title={Cmt: Convolutional neural networks meet vision transformers},
  author={Guo, Jianyuan and Han, Kai and Wu, Han and Tang, Yehui and Chen, Xinghao and Wang, Yunhe and Xu, Chang},
  booktitle={Proceedings of the IEEE/CVF Conference on Computer Vision and Pattern Recognition},
  pages={12175--12185},
  year={2022}
}

@inproceedings{he2019bag,
  title={Bag of tricks for image classification with convolutional neural networks},
  author={He, Tong and Zhang, Zhi and Zhang, Hang and Zhang, Zhongyue and Xie, Junyuan and Li, Mu},
  booktitle={Proceedings of the IEEE/CVF conference on computer vision and pattern recognition},
  pages={558--567},
  year={2019}
}

@article{baldeon2020adaresu,
  title={AdaResU-Net: Multiobjective adaptive convolutional neural network for medical image segmentation},
  author={Baldeon-Calisto, Maria and Lai-Yuen, Susana K},
  journal={Neurocomputing},
  volume={392},
  pages={325--340},
  year={2020},
  publisher={Elsevier}
}

@inproceedings{alom2018nuclei,
  title={Nuclei segmentation with recurrent residual convolutional neural networks based U-Net (R2U-Net)},
  author={Alom, Md Zahangir and Yakopcic, Chris and Taha, Tarek M and Asari, Vijayan K},
  booktitle={NAECON 2018-IEEE National Aerospace and Electronics Conference},
  pages={228--233},
  year={2018},
  organization={IEEE}
}

@inproceedings{mostafiz2018retinal,
  title={Retinal blood vessel segmentation using residual block incorporated U-Net architecture and fuzzy inference system},
  author={Mostafiz, Tahsin and Jarin, Ismat and Fattah, Shaikh A and Shahnaz, Celia},
  booktitle={2018 IEEE International WIE Conference on Electrical and Computer Engineering (WIECON-ECE)},
  pages={106--109},
  year={2018},
  organization={IEEE}
}

@inproceedings{li2019automatic,
  title={Automatic brain structures segmentation using deep residual dilated U-Net},
  author={Li, Hongwei and Zhygallo, Andrii and Menze, Bjoern},
  booktitle={Brainlesion: Glioma, Multiple Sclerosis, Stroke and Traumatic Brain Injuries: 4th International Workshop, BrainLes 2018, Held in Conjunction with MICCAI 2018, Granada, Spain, September 16, 2018, Revised Selected Papers, Part I 4},
  pages={385--393},
  year={2019},
  organization={Springer}
}

@inproceedings{cciccek20163d,
  title={3D U-Net: learning dense volumetric segmentation from sparse annotation},
  author={{\c{C}}i{\c{c}}ek, {\"O}zg{\"u}n and Abdulkadir, Ahmed and Lienkamp, Soeren S and Brox, Thomas and Ronneberger, Olaf},
  booktitle={Medical Image Computing and Computer-Assisted Intervention--MICCAI 2016: 19th International Conference, Athens, Greece, October 17-21, 2016, Proceedings, Part II 19},
  pages={424--432},
  year={2016},
  organization={Springer}
}

@inproceedings{milletari2016v,
  title={V-net: Fully convolutional neural networks for volumetric medical image segmentation},
  author={Milletari, Fausto and Navab, Nassir and Ahmadi, Seyed-Ahmad},
  booktitle={2016 fourth international conference on 3D vision (3DV)},
  pages={565--571},
  year={2016},
  organization={Ieee}
}

@article{peng2023u,
  title={U-Net v2: Rethinking the Skip Connections of U-Net for Medical Image Segmentation},
  author={Peng, Yaopeng and Sonka, Milan and Chen, Danny Z},
  journal={arXiv preprint arXiv:2311.17791},
  year={2023}
}

@article{you2022class,
  title={Class-aware adversarial transformers for medical image segmentation},
  author={You, Chenyu and Zhao, Ruihan and Liu, Fenglin and Dong, Siyuan and Chinchali, Sandeep and Topcu, Ufuk and Staib, Lawrence and Duncan, James},
  journal={Advances in neural information processing systems},
  volume={35},
  pages={29582--29596},
  year={2022}
}

@article{raffel2020exploring,
  title={Exploring the limits of transfer learning with a unified text-to-text transformer},
  author={Raffel, Colin and Shazeer, Noam and Roberts, Adam and Lee, Katherine and Narang, Sharan and Matena, Michael and Zhou, Yanqi and Li, Wei and Liu, Peter J},
  journal={Journal of machine learning research},
  volume={21},
  number={140},
  pages={1--67},
  year={2020}
}

@inproceedings{bao2020unilmv2,
  title={Unilmv2: Pseudo-masked language models for unified language model pre-training},
  author={Bao, Hangbo and Dong, Li and Wei, Furu and Wang, Wenhui and Yang, Nan and Liu, Xiaodong and Wang, Yu and Gao, Jianfeng and Piao, Songhao and Zhou, Ming and others},
  booktitle={International conference on machine learning},
  pages={642--652},
  year={2020},
  organization={PMLR}
}

@inproceedings{hu2018relation,
  title={Relation networks for object detection},
  author={Hu, Han and Gu, Jiayuan and Zhang, Zheng and Dai, Jifeng and Wei, Yichen},
  booktitle={Proceedings of the IEEE conference on computer vision and pattern recognition},
  pages={3588--3597},
  year={2018}
}

@inproceedings{hu2019local,
  title={Local relation networks for image recognition},
  author={Hu, Han and Zhang, Zheng and Xie, Zhenda and Lin, Stephen},
  booktitle={Proceedings of the IEEE/CVF international conference on computer vision},
  pages={3464--3473},
  year={2019}
}

@inproceedings{sandler2018mobilenetv2,
  title={Mobilenetv2: Inverted residuals and linear bottlenecks},
  author={Sandler, Mark and Howard, Andrew and Zhu, Menglong and Zhmoginov, Andrey and Chen, Liang-Chieh},
  booktitle={Proceedings of the IEEE conference on computer vision and pattern recognition},
  pages={4510--4520},
  year={2018}
}

@inproceedings{fu2020domain,
  title={Domain adaptive relational reasoning for 3d multi-organ segmentation},
  author={Fu, Shuhao and Lu, Yongyi and Wang, Yan and Zhou, Yuyin and Shen, Wei and Fishman, Elliot and Yuille, Alan},
  booktitle={Medical Image Computing and Computer Assisted Intervention--MICCAI 2020: 23rd International Conference, Lima, Peru, October 4--8, 2020, Proceedings, Part I 23},
  pages={656--666},
  year={2020},
  organization={Springer}
}